@manual{abntex2classe,
    author={abnTeX2},
    organization={Equipe abnTeX2},
    title={A classe abntex2: Modelo can{\^o}nico de trabalhos acad{\^e}
    micos brasileiros compat{\'\i}vel com as normas ABNT NBR 
    14724:2011, ABNT NBR 6024:2012 e outras},
    url={http://abntex2.googlecode.com/},
    year={2012}
}

@book{Abreu,
    author={X. Y. Z. Abreu},
    title={Exemplo de cita{\c c}\~ao no texto},
    year={1999}
}
